@article{roich2022pivotal,
  title={Pivotal tuning for latent-based editing of real images},
  author={Roich, Daniel and Mokady, Ron and Bermano, Amit H and Cohen-Or, Daniel},
  journal={ACM Transactions on graphics (TOG)},
  volume={42},
  number={1},
  pages={1--13},
  year={2022},
  publisher={ACM New York, NY}
}

@inproceedings{zhu2016generative,
  title={Generative visual manipulation on the natural image manifold},
  author={Zhu, Jun-Yan and Kr{\"a}henb{\"u}hl, Philipp and Shechtman, Eli and Efros, Alexei A},
  booktitle={Computer Vision--ECCV 2016: 14th European Conference, Amsterdam, The Netherlands, October 11-14, 2016, Proceedings, Part V 14},
  pages={597--613},
  year={2016},
  organization={Springer}
}

@inproceedings{bermano2022state,
  title={State-of-the-Art in the Architecture, Methods and Applications of StyleGAN},
  author={Bermano, Amit H and Gal, Rinon and Alaluf, Yuval and Mokady, Ron and Nitzan, Yotam and Tov, Omer and Patashnik, Oren and Cohen-Or, Daniel},
  booktitle={Computer Graphics Forum},
  volume={41:2},
  pages={591--611},
  year={2022},
  organization={Wiley Online Library}
}

@inproceedings{stylegan2,
  title={Analyzing and improving the image quality of stylegan},
  author={Karras, Tero and Laine, Samuli and Aittala, Miika and Hellsten, Janne and Lehtinen, Jaakko and Aila, Timo},
  booktitle={Proceedings of the IEEE/CVF conference on computer vision and pattern recognition},
  pages={8110--8119},
  year={2020}
}

@inproceedings{stylegan1,
  title={A style-based generator architecture for generative adversarial networks},
  author={Karras, Tero and Laine, Samuli and Aila, Timo},
  booktitle={Proceedings of the IEEE/CVF conference on computer vision and pattern recognition},
  pages={4401--4410},
  year={2019}
}

@article{stylegan2ada,
  title={Training generative adversarial networks with limited data},
  author={Karras, Tero and Aittala, Miika and Hellsten, Janne and Laine, Samuli and Lehtinen, Jaakko and Aila, Timo},
  journal={Advances in neural information processing systems},
  volume={33},
  pages={12104--12114},
  year={2020}
}

@article{xia2022gan,
  title={Gan inversion: A survey},
  author={Xia, Weihao and Zhang, Yulun and Yang, Yujiu and Xue, Jing-Hao and Zhou, Bolei and Yang, Ming-Hsuan},
  journal={IEEE transactions on pattern analysis and machine intelligence},
  volume={45},
  number={3},
  pages={3121--3138},
  year={2022},
  publisher={IEEE}
}

@inproceedings{abdal2019image2stylegan,
  title={Image2stylegan: How to embed images into the stylegan latent space?},
  author={Abdal, Rameen and Qin, Yipeng and Wonka, Peter},
  booktitle={Proceedings of the IEEE/CVF international conference on computer vision},
  pages={4432--4441},
  year={2019}
}

@inproceedings{wu2021stylespace,
  title={Stylespace analysis: Disentangled controls for stylegan image generation},
  author={Wu, Zongze and Lischinski, Dani and Shechtman, Eli},
  booktitle={Proceedings of the IEEE/CVF conference on computer vision and pattern recognition},
  pages={12863--12872},
  year={2021}
}

@article{bau2020semantic,
  title={Semantic photo manipulation with a generative image prior},
  author={Bau, David and Strobelt, Hendrik and Peebles, William and Wulff, Jonas and Zhou, Bolei and Zhu, Jun-Yan and Torralba, Antonio},
  journal={arXiv preprint arXiv:2005.07727},
  year={2020}
}

@article{creswell2018inverting,
  title={Inverting the generator of a generative adversarial network},
  author={Creswell, Antonia and Bharath, Anil Anthony},
  journal={IEEE transactions on neural networks and learning systems},
  volume={30},
  number={7},
  pages={1967--1974},
  year={2018},
  publisher={IEEE}
}

@inproceedings{gu2020image,
  title={Image processing using multi-code gan prior},
  author={Gu, Jinjin and Shen, Yujun and Zhou, Bolei},
  booktitle={Proceedings of the IEEE/CVF conference on computer vision and pattern recognition},
  pages={3012--3021},
  year={2020}
}

@article{lipton2017precise,
  title={Precise recovery of latent vectors from generative adversarial networks},
  author={Lipton, Zachary C and Tripathi, Subarna},
  journal={arXiv preprint arXiv:1702.04782},
  year={2017}
}

@inproceedings{yeh2017semantic,
  title={Semantic image inpainting with deep generative models},
  author={Yeh, Raymond A and Chen, Chen and Yian Lim, Teck and Schwing, Alexander G and Hasegawa-Johnson, Mark and Do, Minh N},
  booktitle={Proceedings of the IEEE conference on computer vision and pattern recognition},
  pages={5485--5493},
  year={2017}
}

@article{zhu2020improved,
  title={Improved stylegan embedding: Where are the good latents?},
  author={Zhu, Peihao and Abdal, Rameen and Qin, Yipeng and Femiani, John and Wonka, Peter},
  journal={arXiv preprint arXiv:2012.09036},
  year={2020}
}

@inproceedings{alaluf2021restyle,
  title={Restyle: A residual-based stylegan encoder via iterative refinement},
  author={Alaluf, Yuval and Patashnik, Or and Cohen-Or, Daniel},
  booktitle={Proceedings of the IEEE/CVF International Conference on Computer Vision},
  pages={6711--6720},
  year={2021}
}

@article{tov2021designing,
  title={Designing an encoder for stylegan image manipulation},
  author={Tov, Omer and Alaluf, Yuval and Nitzan, Yotam and Patashnik, Or and Cohen-Or, Daniel},
  journal={ACM Transactions on Graphics (TOG)},
  volume={40},
  number={4},
  pages={1--14},
  year={2021},
  publisher={ACM New York, NY, USA}
}

@inproceedings{luo2017learning,
  title={Learning inverse mapping by autoencoder based generative adversarial nets},
  author={Luo, Junyu and Xu, Yong and Tang, Chenwei and Lv, Jiancheng},
  booktitle={Neural Information Processing: 24th International Conference, ICONIP 2017, Guangzhou, China, November 14-18, 2017, Proceedings, Part II 24},
  pages={207--216},
  year={2017},
  organization={Springer}
}

@inproceedings{richardson2021encoding,
  title={Encoding in style: a stylegan encoder for image-to-image translation},
  author={Richardson, Elad and Alaluf, Yuval and Patashnik, Or and Nitzan, Yotam and Azar, Yaniv and Shapiro, Stav and Cohen-Or, Daniel},
  booktitle={Proceedings of the IEEE/CVF conference on computer vision and pattern recognition},
  pages={2287--2296},
  year={2021}
}

@inproceedings{he2016deep,
  title={Deep residual learning for image recognition},
  author={He, Kaiming and Zhang, Xiangyu and Ren, Shaoqing and Sun, Jian},
  booktitle={Proceedings of the IEEE conference on computer vision and pattern recognition},
  pages={770--778},
  year={2016}
}

@inproceedings{xu2021generative,
  title={Generative hierarchical features from synthesizing images},
  author={Xu, Yinghao and Shen, Yujun and Zhu, Jiapeng and Yang, Ceyuan and Zhou, Bolei},
  booktitle={Proceedings of the IEEE/CVF Conference on Computer Vision and Pattern Recognition},
  pages={4432--4442},
  year={2021}
}

@inproceedings{zhang2018unreasonable,
  title={The unreasonable effectiveness of deep features as a perceptual metric},
  author={Zhang, Richard and Isola, Phillip and Efros, Alexei A and Shechtman, Eli and Wang, Oliver},
  booktitle={Proceedings of the IEEE conference on computer vision and pattern recognition},
  pages={586--595},
  year={2018}
}

@article{nitzan2020face,
  title={Face identity disentanglement via latent space mapping},
  author={Nitzan, Yotam and Bermano, Amit and Li, Yangyan and Cohen-Or, Daniel},
  journal={arXiv preprint arXiv:2005.07728},
  year={2020}
}

@article{shanyan2020collaborative,
  title={Collaborative learning for faster StyleGAN embedding},
  author={Shanyan, Guan and Ying, Tai and Bingbing, Ni and Feida, Zhu and Feiyue, Huang and Xiaokang, Yang},
  journal={arXiv preprint arXiv:2007.01758},
  year={2020}
}

@inproceedings{kang2021gan,
  title={Gan inversion for out-of-range images with geometric transformations},
  author={Kang, Kyoungkook and Kim, Seongtae and Cho, Sunghyun},
  booktitle={Proceedings of the IEEE/CVF International Conference on Computer Vision},
  pages={13941--13949},
  year={2021}
}

@inproceedings{kim2021exploiting,
  title={Exploiting spatial dimensions of latent in gan for real-time image editing},
  author={Kim, Hyunsu and Choi, Yunjey and Kim, Junho and Yoo, Sungjoo and Uh, Youngjung},
  booktitle={Proceedings of the IEEE/CVF Conference on Computer Vision and Pattern Recognition},
  pages={852--861},
  year={2021}
}

@inproceedings{pidhorskyi2020adversarial,
  title={Adversarial latent autoencoders},
  author={Pidhorskyi, Stanislav and Adjeroh, Donald A and Doretto, Gianfranco},
  booktitle={Proceedings of the IEEE/CVF Conference on Computer Vision and Pattern Recognition},
  pages={14104--14113},
  year={2020}
}

@inproceedings{wang2022high,
  title={High-fidelity gan inversion for image attribute editing},
  author={Wang, Tengfei and Zhang, Yong and Fan, Yanbo and Wang, Jue and Chen, Qifeng},
  booktitle={Proceedings of the IEEE/CVF Conference on Computer Vision and Pattern Recognition},
  pages={11379--11388},
  year={2022}
}

@inproceedings{zhu2020domain,
  title={In-domain gan inversion for real image editing},
  author={Zhu, Jiapeng and Shen, Yujun and Zhao, Deli and Zhou, Bolei},
  booktitle={European conference on computer vision},
  pages={592--608},
  year={2020},
  organization={Springer}
}

@inproceedings{alaluf2022hyperstyle,
  title={Hyperstyle: Stylegan inversion with hypernetworks for real image editing},
  author={Alaluf, Yuval and Tov, Omer and Mokady, Ron and Gal, Rinon and Bermano, Amit},
  booktitle={Proceedings of the IEEE/CVF conference on computer Vision and pattern recognition},
  pages={18511--18521},
  year={2022}
}

@article{wang2004image,
  title={Image quality assessment: from error visibility to structural similarity},
  author={Wang, Zhou and Bovik, Alan C and Sheikh, Hamid R and Simoncelli, Eero P},
  journal={IEEE transactions on image processing},
  volume={13},
  number={4},
  pages={600--612},
  year={2004},
  publisher={IEEE}
}

@article{sheikh2006statistical,
  title={A statistical evaluation of recent full reference image quality assessment algorithms},
  author={Sheikh, Hamid R and Sabir, Muhammad F and Bovik, Alan C},
  journal={IEEE Transactions on image processing},
  volume={15},
  number={11},
  pages={3440--3451},
  year={2006},
  publisher={IEEE}
}

@article{heusel2017gans,
  title={Gans trained by a two time-scale update rule converge to a local nash equilibrium},
  author={Heusel, Martin and Ramsauer, Hubert and Unterthiner, Thomas and Nessler, Bernhard and Hochreiter, Sepp},
  journal={Advances in neural information processing systems},
  volume={30},
  year={2017}
}

@article{salimans2016improved,
  title={Improved techniques for training gans},
  author={Salimans, Tim and Goodfellow, Ian and Zaremba, Wojciech and Cheung, Vicki and Radford, Alec and Chen, Xi},
  journal={Advances in neural information processing systems},
  volume={29},
  year={2016}
}

@article{simonyan2014very,
  title={Very deep convolutional networks for large-scale image recognition},
  author={Simonyan, Karen and Zisserman, Andrew},
  journal={arXiv preprint arXiv:1409.1556},
  year={2014}
}

@inproceedings{deng2009imagenet,
  title={Imagenet: A large-scale hierarchical image database},
  author={Deng, Jia and Dong, Wei and Socher, Richard and Li, Li-Jia and Li, Kai and Fei-Fei, Li},
  booktitle={2009 IEEE conference on computer vision and pattern recognition},
  pages={248--255},
  year={2009},
  organization={Ieee}
}

@article{lample2017fader,
  title={Fader networks: Manipulating images by sliding attributes},
  author={Lample, Guillaume and Zeghidour, Neil and Usunier, Nicolas and Bordes, Antoine and Denoyer, Ludovic and Ranzato, Marc'Aurelio},
  journal={Advances in neural information processing systems},
  volume={30},
  year={2017}
}

@inproceedings{deng2019arcface,
  title={Arcface: Additive angular margin loss for deep face recognition},
  author={Deng, Jiankang and Guo, Jia and Xue, Niannan and Zafeiriou, Stefanos},
  booktitle={Proceedings of the IEEE/CVF conference on computer vision and pattern recognition},
  pages={4690--4699},
  year={2019}
}

@article{alaluf2021only,
  title={Only a matter of style: Age transformation using a style-based regression model},
  author={Alaluf, Yuval and Patashnik, Or and Cohen-Or, Daniel},
  journal={ACM Transactions on Graphics (TOG)},
  volume={40},
  number={4},
  pages={1--12},
  year={2021},
  publisher={ACM New York, NY, USA}
}

@inproceedings{wang2003multiscale,
  title={Multiscale structural similarity for image quality assessment},
  author={Wang, Zhou and Simoncelli, Eero P and Bovik, Alan C},
  booktitle={The Thrity-Seventh Asilomar Conference on Signals, Systems \& Computers, 2003},
  volume={2},
  pages={1398--1402},
  year={2003},
  organization={Ieee}
}

@article{goodfellow2014generative,
  title={Generative adversarial nets},
  author={Goodfellow, Ian and Pouget-Abadie, Jean and Mirza, Mehdi and Xu, Bing and Warde-Farley, David and Ozair, Sherjil and Courville, Aaron and Bengio, Yoshua},
  journal={Advances in neural information processing systems},
  volume={27},
  year={2014}
}

@article{saxena2021generative,
  title={Generative adversarial networks (GANs) challenges, solutions, and future directions},
  author={Saxena, Divya and Cao, Jiannong},
  journal={ACM Computing Surveys (CSUR)},
  volume={54},
  number={3},
  pages={1--42},
  year={2021},
  publisher={ACM New York, NY, USA}
}

@article{mirza2014conditional,
  title={Conditional generative adversarial nets},
  author={Mirza, Mehdi and Osindero, Simon},
  journal={arXiv preprint arXiv:1411.1784},
  year={2014}
}

@article{radford2015unsupervised,
  title={Unsupervised representation learning with deep convolutional generative adversarial networks},
  author={Radford, Alec and Metz, Luke and Chintala, Soumith},
  journal={arXiv preprint arXiv:1511.06434},
  year={2015}
}

@article{lecun2015deep,
  title={Deep learning},
  author={LeCun, Yann and Bengio, Yoshua and Hinton, Geoffrey},
  journal={nature},
  volume={521},
  number={7553},
  pages={436--444},
  year={2015},
  publisher={Nature Publishing Group UK London}
}

@article{gulrajani2017improved,
  title={Improved training of wasserstein gans},
  author={Gulrajani, Ishaan and Ahmed, Faruk and Arjovsky, Martin and Dumoulin, Vincent and Courville, Aaron C},
  journal={Advances in neural information processing systems},
  volume={30},
  year={2017}
}

@inproceedings{arjovsky2017wasserstein,
  title={Wasserstein generative adversarial networks},
  author={Arjovsky, Martin and Chintala, Soumith and Bottou, L{\'e}on},
  booktitle={International conference on machine learning},
  pages={214--223},
  year={2017},
  organization={PMLR}
}

@article{karras2017progressive,
  title={Progressive growing of gans for improved quality, stability, and variation},
  author={Karras, Tero and Aila, Timo and Laine, Samuli and Lehtinen, Jaakko},
  journal={arXiv preprint arXiv:1710.10196},
  year={2017}
}

@inproceedings{huang2017arbitrary,
  title={Arbitrary style transfer in real-time with adaptive instance normalization},
  author={Huang, Xun and Belongie, Serge},
  booktitle={Proceedings of the IEEE international conference on computer vision},
  pages={1501--1510},
  year={2017}
}

@article{dumoulin2016learned,
  title={A learned representation for artistic style},
  author={Dumoulin, Vincent and Shlens, Jonathon and Kudlur, Manjunath},
  journal={arXiv preprint arXiv:1610.07629},
  year={2016}
}

@article{little2021generative,
  title={Generative adversarial networks for synthetic data generation: a comparative study},
  author={Little, Claire and Elliot, Mark and Allmendinger, Richard and Samani, Sahel Shariati},
  journal={arXiv preprint arXiv:2112.01925},
  year={2021}
}

@article{hermosilla2021thermal,
  title={Thermal face generation using stylegan},
  author={Hermosilla, Gabriel and Tapia, Diego-Ignacio Henr{\'\i}quez and Allende-Cid, Hector and Castro, Gonzalo Far{\'\i}as and Vera, Esteban},
  journal={IEEE Access},
  volume={9},
  pages={80511--80523},
  year={2021},
  publisher={IEEE}
}

@inproceedings{stylegan3,
  author = {Tero Karras and Miika Aittala and Samuli Laine and Erik H\"ark\"onen and Janne Hellsten and Jaakko Lehtinen and Timo Aila},
  title = {Alias-Free Generative Adversarial Networks},
  booktitle = {Proc. NeurIPS},
  year = {2021}
}

@inproceedings{freno2017practical,
  title={Practical lessons from developing a large-scale recommender system at Zalando},
  author={Freno, Antonino},
  booktitle={Proceedings of the eleventh ACM conference on recommender systems},
  pages={251--259},
  year={2017}
}

@inproceedings{radford2021learning,
  title={Learning transferable visual models from natural language supervision},
  author={Radford, Alec and Kim, Jong Wook and Hallacy, Chris and Ramesh, Aditya and Goh, Gabriel and Agarwal, Sandhini and Sastry, Girish and Askell, Amanda and Mishkin, Pamela and Clark, Jack and others},
  booktitle={International conference on machine learning},
  pages={8748--8763},
  year={2021},
  organization={PMLR}
}

@article{chen2016infogan,
  title={Infogan: Interpretable representation learning by information maximizing generative adversarial nets},
  author={Chen, Xi and Duan, Yan and Houthooft, Rein and Schulman, John and Sutskever, Ilya and Abbeel, Pieter},
  journal={Advances in neural information processing systems},
  volume={29},
  year={2016}
}

@article{borji2022pros,
  title={Pros and cons of GAN evaluation measures: New developments},
  author={Borji, Ali},
  journal={Computer Vision and Image Understanding},
  volume={215},
  pages={103329},
  year={2022},
  publisher={Elsevier}
}

@inproceedings{szegedy2016rethinking,
  title={Rethinking the inception architecture for computer vision},
  author={Szegedy, Christian and Vanhoucke, Vincent and Ioffe, Sergey and Shlens, Jon and Wojna, Zbigniew},
  booktitle={Proceedings of the IEEE conference on computer vision and pattern recognition},
  pages={2818--2826},
  year={2016}
}

@article{sajjadi2018assessing,
  title={Assessing generative models via precision and recall},
  author={Sajjadi, Mehdi SM and Bachem, Olivier and Lucic, Mario and Bousquet, Olivier and Gelly, Sylvain},
  journal={Advances in neural information processing systems},
  volume={31},
  year={2018}
}

@article{binkowski2018demystifying,
  title={Demystifying mmd gans},
  author={Bi{\'n}kowski, Miko{\l}aj and Sutherland, Danica J and Arbel, Michael and Gretton, Arthur},
  journal={arXiv preprint arXiv:1801.01401},
  year={2018}
}

@article{kurach2018gan,
  title={The gan landscape: Losses, architectures, regularization, and normalization},
  author={Kurach, Karol and Lucic, Mario and Zhai, Xiaohua and Michalski, Marcin and Gelly, Sylvain},
journal={-},
  year={2018}
}

@article{kynkaanniemi2019improved,
  title={Improved precision and recall metric for assessing generative models},
  author={Kynk{\"a}{\"a}nniemi, Tuomas and Karras, Tero and Laine, Samuli and Lehtinen, Jaakko and Aila, Timo},
  journal={Advances in neural information processing systems},
  volume={32},
  year={2019}
}

@article{muller2024disentangling,
  title={Disentangling representations of retinal images with generative models},
  author={M{\"u}ller, Sarah and Koch, Lisa M and Lensch, Hendrik and Berens, Philipp},
  journal={arXiv preprint arXiv:2402.19186},
  year={2024}
}

@article{wang2020state,
  title={A state-of-the-art review on image synthesis with generative adversarial networks},
  author={Wang, Lei and Chen, Wei and Yang, Wenjia and Bi, Fangming and Yu, Fei Richard},
  journal={Ieee Access},
  volume={8},
  pages={63514--63537},
  year={2020},
  publisher={IEEE}
}

@inproceedings{zhang2024diffmorpher,
  title={DiffMorpher: Unleashing the Capability of Diffusion Models for Image Morphing},
  author={Zhang, Kaiwen and Zhou, Yifan and Xu, Xudong and Dai, Bo and Pan, Xingang},
  booktitle={Proceedings of the IEEE/CVF Conference on Computer Vision and Pattern Recognition},
  pages={7912--7921},
  year={2024}
}

@article{wang2023interpolating,
  title={Interpolating between images with diffusion models},
  author={Wang, Clinton and Golland, Polina},
  journal={-},
  year={2023}
}

@article{hu2021lora,
  title={Lora: Low-rank adaptation of large language models},
  author={Hu, Edward J and Shen, Yelong and Wallis, Phillip and Allen-Zhu, Zeyuan and Li, Yuanzhi and Wang, Shean and Wang, Lu and Chen, Weizhu},
  journal={arXiv preprint arXiv:2106.09685},
  year={2021}
}

@article{xiao2021tackling,
  title={Tackling the generative learning trilemma with denoising diffusion gans},
  author={Xiao, Zhisheng and Kreis, Karsten and Vahdat, Arash},
  journal={arXiv preprint arXiv:2112.07804},
  year={2021}
}

@inproceedings{fu2022stylegan,
  title={Stylegan-human: A data-centric odyssey of human generation},
  author={Fu, Jianglin and Li, Shikai and Jiang, Yuming and Lin, Kwan-Yee and Qian, Chen and Loy, Chen Change and Wu, Wayne and Liu, Ziwei},
  booktitle={European Conference on Computer Vision},
  pages={1--19},
  year={2022},
  organization={Springer}
}

@article{kim2022effective,
  title={Effective representation learning via the integrated self-supervised pre-training models of StyleGAN2-ADA and DINO for colonoscopy images},
  author={Kim, Jong-Yeup and Tangriberganov, Gayrat and Jung, Woochul and Kim, Dae Sung and Koo, Hoon Sup and Lee, Suehyun and Kim, Sun Moon},
  journal={BioRxiv},
  pages={2022--06},
  year={2022},
  publisher={Cold Spring Harbor Laboratory}
}

@inproceedings{choi2018stargan,
  title={Stargan: Unified generative adversarial networks for multi-domain image-to-image translation},
  author={Choi, Yunjey and Choi, Minje and Kim, Munyoung and Ha, Jung-Woo and Kim, Sunghun and Choo, Jaegul},
  booktitle={Proceedings of the IEEE conference on computer vision and pattern recognition},
  pages={8789--8797},
  year={2018}
}

@inproceedings{choi2020stargan,
  title={Stargan v2: Diverse image synthesis for multiple domains},
  author={Choi, Yunjey and Uh, Youngjung and Yoo, Jaejun and Ha, Jung-Woo},
  booktitle={Proceedings of the IEEE/CVF conference on computer vision and pattern recognition},
  pages={8188--8197},
  year={2020}
}

@article{portenier2018faceshop,
  title={Faceshop: Deep sketch-based face image editing},
  author={Portenier, Tiziano and Hu, Qiyang and Szabo, Attila and Bigdeli, Siavash Arjomand and Favaro, Paolo and Zwicker, Matthias},
  journal={arXiv preprint arXiv:1804.08972},
  year={2018}
}

@article{abdal2021styleflow,
  title={Styleflow: Attribute-conditioned exploration of stylegan-generated images using conditional continuous normalizing flows},
  author={Abdal, Rameen and Zhu, Peihao and Mitra, Niloy J and Wonka, Peter},
  journal={ACM Transactions on Graphics (ToG)},
  volume={40},
  number={3},
  pages={1--21},
  year={2021},
  publisher={ACM New York, NY}
}

@article{harkonen2020ganspace,
  title={Ganspace: Discovering interpretable gan controls},
  author={H{\"a}rk{\"o}nen, Erik and Hertzmann, Aaron and Lehtinen, Jaakko and Paris, Sylvain},
  journal={Advances in neural information processing systems},
  volume={33},
  pages={9841--9850},
  year={2020}
}

@inproceedings{shen2021closed,
  title={Closed-form factorization of latent semantics in gans},
  author={Shen, Yujun and Zhou, Bolei},
  booktitle={Proceedings of the IEEE/CVF conference on computer vision and pattern recognition},
  pages={1532--1540},
  year={2021}
}

@inproceedings{goetschalckx2019ganalyze,
  title={Ganalyze: Toward visual definitions of cognitive image properties},
  author={Goetschalckx, Lore and Andonian, Alex and Oliva, Aude and Isola, Phillip},
  booktitle={Proceedings of the ieee/cvf international conference on computer vision},
  pages={5744--5753},
  year={2019}
}


@article{ren2021learning,
  title={Learning disentangled representation by exploiting pretrained generative models: A contrastive learning view},
  author={Ren, Xuanchi and Yang, Tao and Wang, Yuwang and Zeng, Wenjun},
  journal={arXiv preprint arXiv:2102.10543},
  year={2021}
}

@inproceedings{yang2021discovering,
  title={Discovering interpretable latent space directions of gans beyond binary attributes},
  author={Yang, Huiting and Chai, Liangyu and Wen, Qiang and Zhao, Shuang and Sun, Zixun and He, Shengfeng},
  booktitle={Proceedings of the IEEE/CVF conference on computer vision and pattern recognition},
  pages={12177--12185},
  year={2021}
}

@inproceedings{yuksel2021latentclr,
  title={Latentclr: A contrastive learning approach for unsupervised discovery of interpretable directions},
  author={Y{\"u}ksel, O{\u{g}}uz Kaan and Simsar, Enis and Er, Ezgi G{\"u}lperi and Yanardag, Pinar},
  booktitle={Proceedings of the IEEE/CVF International Conference on Computer Vision},
  pages={14263--14272},
  year={2021}
}

@inproceedings{li2023dystyle,
  title={DyStyle: Dynamic neural network for multi-attribute-conditioned style editings},
  author={Li, Bingchuan and Cai, Shaofei and Liu, Wei and Zhang, Peng and He, Qian and Hua, Miao and Yi, Zili},
  booktitle={Proceedings of the IEEE/CVF Winter Conference on Applications of Computer Vision},
  pages={189--197},
  year={2023}
}

@inproceedings{chen2022exploring,
  title={Exploring gradient-based multi-directional controls in gans},
  author={Chen, Zikun and Jiang, Ruowei and Duke, Brendan and Zhao, Han and Aarabi, Parham},
  booktitle={European Conference on Computer Vision},
  pages={104--119},
  year={2022},
  organization={Springer}
}

@article{shen2020interpreting,
  title={Interfacegan: Interpreting the disentangled face representation learned by gans},
  author={Shen, Yujun and Yang, Ceyuan and Tang, Xiaoou and Zhou, Bolei},
  journal={IEEE transactions on pattern analysis and machine intelligence},
  volume={44},
  number={4},
  pages={2004--2018},
  year={2020},
  publisher={IEEE}
}

@inproceedings{lake2015deep,
  title={Deep neural networks predict category typicality ratings for images.},
  author={Lake, Brenden M and Zaremba, Wojciech and Fergus, Rob and Gureckis, Todd M},
  booktitle={CogSci},
  year={2015}
}

@article{landwehr2011gut,
  title={Gut liking for the ordinary: Incorporating design fluency improves automobile sales forecasts},
  author={Landwehr, Jan R and Labroo, Aparna A and Herrmann, Andreas},
  journal={Marketing Science},
  volume={30},
  number={3},
  pages={416--429},
  year={2011},
  publisher={INFORMS}
}

@article{oquab2023dinov2,
  title={Dinov2: Learning robust visual features without supervision},
  author={Oquab, Maxime and Darcet, Timoth{\'e}e and Moutakanni, Th{\'e}o and Vo, Huy and Szafraniec, Marc and Khalidov, Vasil and Fernandez, Pierre and Haziza, Daniel and Massa, Francisco and El-Nouby, Alaaeldin and others},
  journal={arXiv preprint arXiv:2304.07193},
  year={2023}
}

@article{regenwetter2022deep,
  title={Deep generative models in engineering design: A review},
  author={Regenwetter, Lyle and Nobari, Amin Heyrani and Ahmed, Faez},
  journal={Journal of Mechanical Design},
  volume={144},
  number={7},
  pages={071704},
  year={2022},
  publisher={American Society of Mechanical Engineers}
}

@article{sharma2021development,
  title={Development of an intelligent data-driven system to recommend personalized fashion design solutions},
  author={Sharma, Shukla and Koehl, Ludovic and Bruniaux, Pascal and Zeng, Xianyi and Wang, Zhujun},
  journal={Sensors},
  volume={21},
  number={12},
  pages={4239},
  year={2021},
  publisher={MDPI}
}

@article{choi2023developing,
  title={Developing an AI-based automated fashion design system: reflecting the work process of fashion designers},
  author={Choi, Woojin and Jang, Seyoon and Kim, Ha Youn and Lee, Yuri and Lee, Sang-goo and Lee, Hanbit and Park, Sungchan},
  journal={Fashion and Textiles},
  volume={10},
  number={1},
  pages={39},
  year={2023},
  publisher={Springer}
}

@article{barsalou1985ideals,
  title={Ideals, central tendency, and frequency of instantiation as determinants of graded structure in categories.},
  author={Barsalou, Lawrence W},
  journal={Journal of experimental psychology: learning, memory, and cognition},
  volume={11},
  number={4},
  pages={629},
  year={1985},
  publisher={American Psychological Association}
}

@article{sujan1985consumer,
  title={Consumer knowledge: Effects on evaluation strategies mediating consumer judgments},
  author={Sujan, Mita},
  journal={Journal of consumer research},
  volume={12},
  number={1},
  pages={31--46},
  year={1985},
  publisher={The University of Chicago Press}
}

@article{veryzer1998influence,
  title={The influence of unity and prototypicality on aesthetic responses to new product designs},
  author={Veryzer Jr, Robert W and Hutchinson, J Wesley},
  journal={Journal of consumer research},
  volume={24},
  number={4},
  pages={374--394},
  year={1998},
  publisher={The University of Chicago Press}
}

@article{winkielman2006prototypes,
  title={Prototypes are attractive because they are easy on the mind},
  author={Winkielman, Piotr and Halberstadt, Jamin and Fazendeiro, Tedra and Catty, Steve},
  journal={Psychological science},
  volume={17},
  number={9},
  pages={799--806},
  year={2006},
  publisher={SAGE Publications Sage CA: Los Angeles, CA}
}

@article{zajonc1968attitudinal,
  title={Attitudinal effects of mere exposure.},
  author={Zajonc, Robert B},
  journal={Journal of personality and social psychology},
  volume={9},
  number={2p2},
  pages={1},
  year={1968},
  publisher={American Psychological Association}
}

@article{valentine2004average,
  title={Why are average faces attractive? The effect of view and averageness on the attractiveness of female faces},
  author={Valentine, Tim and Darling, Stephen and Donnelly, Mary},
  journal={Psychonomic Bulletin \& Review},
  volume={11},
  pages={482--487},
  year={2004},
  publisher={Springer}
}

@article{schnurr2017impact,
  title={The impact of atypical product design on consumer product and brand perception},
  author={Schnurr, Benedikt},
  journal={Journal of Brand Management},
  volume={24},
  number={6},
  pages={609--621},
  year={2017},
  publisher={Springer}
}

@article{meyers1989schema,
  title={Schema congruity as a basis for product evaluation},
  author={Meyers-Levy, Joan and Tybout, Alice M},
  journal={Journal of consumer research},
  volume={16},
  number={1},
  pages={39--54},
  year={1989},
  publisher={The University of Chicago Press}
}

@article{liu2017effects,
  title={The effects of products' aesthetic design on demand and marketing-mix effectiveness: The role of segment prototypicality and brand consistency},
  author={Liu, Yan and Li, Krista J and Chen, Haipeng and Balachander, Subramanian},
  journal={Journal of Marketing},
  volume={81},
  number={1},
  pages={83--102},
  year={2017},
  publisher={SAGE Publications Sage CA: Los Angeles, CA}
}

@inproceedings{chen2020tailorgan,
  title={TailorGAN: making user-defined fashion designs},
  author={Chen, Lele and Tian, Justin and Li, Guo and Wu, Cheng-Haw and King, Erh-Kan and Chen, Kuan-Ting and Hsieh, Shao-Hang and Xu, Chenliang},
  booktitle={Proceedings of the IEEE/CVF Winter Conference on Applications of Computer Vision},
  pages={3241--3250},
  year={2020}
}

@inproceedings{ping2019fashion,
  title={Fashion-attgan: Attribute-aware fashion editing with multi-objective gan},
  author={Ping, Qing and Wu, Bing and Ding, Wanying and Yuan, Jiangbo},
  booktitle={Proceedings of the IEEE/CVF conference on computer vision and pattern recognition workshops},
  pages={0--0},
  year={2019}
}

@inproceedings{kwon2022tailor,
  title={Tailor me: An editing network for fashion attribute shape manipulation},
  author={Kwon, Youngjoong and Petrangeli, Stefano and Kim, Dahun and Wang, Haoliang and Swaminathan, Viswanathan and Fuchs, Henry},
  booktitle={Proceedings of the IEEE/CVF Winter Conference on Applications of Computer Vision},
  pages={3831--3840},
  year={2022}
}

@article{dravid2024interpreting,
  title={Interpreting the Weight Space of Customized Diffusion Models},
  author={Dravid, Amil and Gandelsman, Yossi and Wang, Kuan-Chieh and Abdal, Rameen and Wetzstein, Gordon and Efros, Alexei A and Aberman, Kfir},
  journal={arXiv preprint arXiv:2406.09413},
  year={2024}
}

  @misc{mc_kinsey_report,
    author={Chui, Michael and Hazan, Eric and Roberts, Roger and Singla, Alex and Smaje, Kate and Sukharevsky, Alex and Yee, Lareina and Zemmel, Rodney},
    title = {The economic potential of generative AI: The next productivity frontier},
    year = {2023},
    howpublished = {https://www.mckinsey.com/capabilities/mckinsey-digital/our-insights/the-economic-potential-of-generative-ai-the-next-productivity-frontier},
    note = "[Online; accessed 20-August-2024]"
  }

@article{dowson1982frechet,
  title={The Fr{\'e}chet distance between multivariate normal distributions},
  author={Dowson, DC and Landau, BV666017},
  journal={Journal of multivariate analysis},
  volume={12},
  number={3},
  pages={450--455},
  year={1982},
  publisher={Elsevier}
}